@article{DBLP:journals/spm/BenetosDDE19,
  author    = {Emmanouil Benetos and
               Simon Dixon and
               Zhiyao Duan and
               Sebastian Ewert},
  title     = {Automatic Music Transcription: An Overview},
  journal   = {{IEEE} Signal Process. Mag.},
  volume    = {36},
  number    = {1},
  pages     = {20--30},
  year      = 2019,
  url       = {https://doi.org/10.1109/MSP.2018.2869928},
  doi       = {10.1109/MSP.2018.2869928},
  timestamp = {Fri, 18 Jan 2019 23:22:47 +0100},
  biburl    = {https://dblp.org/rec/bib/journals/spm/BenetosDDE19},
  bibsource = {dblp computer science bibliography, https://dblp.org}
}

@book{Homerecording:DlaKazdego,
  author    = {Piotr Kardas},
  title     = {Homerecording: dla każdego},
  year      = 2015,
  publisher = {Piotr Kardas Music Production},
  isbn      = {9788394180218},
  address   = {Warszawa},
  edition   = 1
}

@book{Homerecording:LevelUp,
  author    = {Piotr Kardas},
  title     = {Homerecording: level up},
  year      = 2016,
  publisher = {Piotr Kardas Music Production},
  isbn      = {9788394180249},
  address   = {Częstochowa},
  edition   = 1
}